@inproceedings{ali2015keystroke,
  title={Keystroke recognition using wifi signals},
  author={Ali, Kamran and Liu, Alex X and Wang, Wei and Shahzad, Muhammad},
  booktitle={Proceedings of the 21st annual international conference on mobile computing and networking},
  pages={90--102},
  year={2015}
}

@inproceedings{pu2013whole,
  title={Whole-home gesture recognition using wireless signals},
  author={Pu, Qifan and Gupta, Sidhant and Gollakota, Shyamnath and Patel, Shwetak},
  booktitle={Proceedings of the 19th annual international conference on Mobile computing \& networking},
  pages={27--38},
  year={2013}
}
@inproceedings{li2016wifinger,
  title={WiFinger: Talk to your smart devices with finger-grained gesture},
  author={Li, Hong and Yang, Wei and Wang, Jianxin and Xu, Yang and Huang, Liusheng},
  booktitle={Proceedings of the 2016 ACM International Joint Conference on Pervasive and Ubiquitous Computing},
  pages={250--261},
  year={2016}
}
@article{halperin2011tool,
  title={Tool release: Gathering 802.11 n traces with channel state information},
  author={Halperin, Daniel and Hu, Wenjun and Sheth, Anmol and Wetherall, David},
  journal={ACM SIGCOMM Computer Communication Review},
  volume={41},
  number={1},
  pages={53--53},
  year={2011},
  publisher={ACM New York, NY, USA}
}
@inproceedings{sigg2013leveraging,
  title={Leveraging RF-channel fluctuation for activity recognition: Active and passive systems, continuous and RSSI-based signal features},
  author={Sigg, Stephan and Shi, Shuyu and Buesching, Felix and Ji, Yusheng and Wolf, Lars},
  booktitle={Proceedings of International Conference on Advances in Mobile Computing \& Multimedia},
  pages={43--52},
  year={2013}
}
@article{sigg2013rf,
  title={RF-sensing of activities from non-cooperative subjects in device-free recognition systems using ambient and local signals},
  author={Sigg, Stephan and Scholz, Markus and Shi, Shuyu and Ji, Yusheng and Beigl, Michael},
  journal={IEEE Transactions on Mobile Computing},
  volume={13},
  number={4},
  pages={907--920},
  year={2013},
  publisher={IEEE}
}
